@book{lee2013introduction,
  title={Introduction to Smooth Manifolds},
  author={Lee, J.M.},
  isbn={9780387217529},
  lccn={2002070454},
  series={Graduate Texts in Mathematics},
  year={2013},
  publisher={Springer New York}
}

@book{lee2019introduction,
  title={Introduction to Riemannian Manifolds},
  author={Lee, J.M.},
  isbn={9783319917559},
  series={Graduate Texts in Mathematics},
  year={2019},
  publisher={Springer International Publishing}
}

@book{greub2012multilinear,
  title={Multilinear Algebra},
  author={Greub, W.},
  isbn={9781461394259},
  lccn={78000949},
  series={Universitext},
  year={2012},
  publisher={Springer New York}
}

@book{do2016differential,
  title={Differential Geometry of Curves and Surfaces: Revised and Updated Second Edition},
  author={do Carmo, M.P.},
  isbn={9780486806990},
  lccn={2019301434},
  series={Dover Books on Mathematics},
  year={2016},
  publisher={Dover Publications}
}

@book{spivak1971calculus,
  title={Calculus On Manifolds: A Modern Approach To Classical Theorems Of Advanced Calculus},
  author={Spivak, M.},
  isbn={9780813346120},
  year={1971},
  publisher={Avalon Publishing}
}

@book{tu2010introduction,
  title={An Introduction to Manifolds},
  author={Tu, L.W.},
  isbn={9781441973993},
  lccn={2010936466},
  series={Universitext},
  year={2010},
  publisher={Springer New York}
}

@article{munkres1960obstructions,
  title={Obstructions to the smoothing of piecewise-differentiable homeomorphisms},
  author={Munkres, J.},
  journal={Annals of Mathematics},
  pages={521--554},
  year={1960},
  publisher={JSTOR}
}

@book{warner2013foundations,
  title={Foundations of Differentiable Manifolds and Lie Groups},
  author={Warner, F.W.},
  isbn={9781475717990},
  series={Graduate Texts in Mathematics},
  year={2013},
  publisher={Springer New York}
}

@book{duistermaat2004multidimensional,
  title={Multidimensional Real Analysis I: Differentiation},
  author={Duistermaat, J.J. and Kolk, J.A.C. and van Braam Houckgeest, J.P.},
  isbn={9781139451192},
  series={Cambridge Studies in Advanced Mathematics},
  year={2004},
  publisher={Cambridge University Press}
}

@book{lee2009manifolds,
  title={Manifolds and Differential Geometry},
  author={Lee, J.},
  isbn={9780821848159},
  lccn={2009012421},
  series={Graduate studies in mathematics},
  year={2009},
  publisher={American Mathematical Society}
}

@book{hoffman2015linear,
  title={Linear Algebra},
  author={Hoffman, K. and Kunze, R.A.},
  isbn={9789332550070},
  year={2015},
  publisher={Pearson India Education Services}
}

@book{rudin1976principles,
  title={Principles of Mathematical Analysis},
  author={Rudin, W.},
  isbn={9780070856134},
  lccn={75179033},
  series={International series in pure and applied mathematics},
  year={1976},
  publisher={McGraw-Hill}
}

@book{gopalakrishnan1984commutative,
  title={Commutative Algebra},
  author={Gopalakrishnan, N.S.},
  year={1984},
  publisher={Oxonian Press}
}

@book{munkres2000topology,
  title={Topology},
  author={Munkres, J.R.},
  isbn={9780131816299},
  lccn={99052942},
  series={Featured Titles for Topology},
  year={2000},
  publisher={Prentice Hall, Incorporated}
}

@book{biezuner2020geometry,
  author = {Biezuner, R. J.},
  year = {2017},
  title = {Notas de Aula: Geometria Riemanniana},
  publisher = {Universidad Federal de Minas Gerais}
}

@book{roman2007advanced,
  title={Advanced Linear Algebra},
  author={Roman, S.},
  isbn={9780387274744},
  lccn={2005040244},
  series={Graduate Texts in Mathematics},
  year={2007},
  publisher={Springer New York}
}

@misc{tao_2016, 
  title={Notes on the Nash embedding theorem}, 
  url={https://terrytao.wordpress.com/tag/whitney-embedding-theorem/},
  journal={What's new}, publisher={Terry Tao WordPress},
  author={Tao, T.}, 
  year={2016}, 
  month={05}
} 

@article{whitney1936differentiable,
  title={Differentiable manifolds},
  author={Whitney, H.},
  journal={Annals of Mathematics},
  pages={645--680},
  year={1936},
  publisher={JSTOR}
}

@inproceedings{gunther1991isometric,
  title={Isometric embeddings of Riemannian manifolds, Kyoto, 1990},
  author={Gunther, M.},
  booktitle={Proc. Intern. Congr. Math.},
  pages={1137--1143},
  year={1991},
  organization={Math. Soc. Japan}
}

@book{tu2017differential,
  title={Differential Geometry: Connections, Curvature, and Characteristic Classes},
  author={Tu, L.W.},
  isbn={9783319550848},
  series={Graduate Texts in Mathematics},
  year={2017},
  publisher={Springer International Publishing}
}

@mastersthesis{delia2011geodesia,
  type={Tesis de licenciatura},
  title={Geodesía Diferencial},
  author={Campos López, D. J.},
  year={2011},
  school={Universidad Veracruzana}
}

@book{do1992riemannian,
  title={Riemannian Geometry},
  author={do Carmo, M.P.},
  isbn={9780817634902},
  lccn={91037377},
  year={1992},
  publisher={Birkh{\"a}user Boston}
}
